@misc{iadc,
	title = {What's {IADC}},
	url = {https://www.iadc-home.org/what_iadc},
	urldate = {2025-01-28},
	author = {{Inter-Agency Space Debris Coordination Committee}},
	year = {2019},
	file = {IADC:/home/jesus/Zotero/storage/PU7MRC58/what_iadc.html:text/html},
}

@Booklet{iadc_doc,
	title = {IADC-93-01 (rev.12)},
	year = {2024},
	month = {April},
}

@techreport{detect_and_track,
	address = {College Park, Maryland (NARA)},
	title = {Detection and {Tracking} of {Satellites}},
	url = {https://nsarchive.gwu.edu/document/29920-document-16-detection-and-tracking-satellites-report-ad-hoc-working-group-department},
	number = {Record Group (RG) 330, Entry UD-06W \#31, 471.96 File},
	urldate = {2025-03-08},
	institution = {National Archives and Records Administration},
	author = {{Ad Hoc Working Group on Department of Defense Space Detection, Surveillance, Tracking and Data Processing}},
	month = mar,
	year = {1965},
	pages = {x--xiii},
	file = {Detection and Tracking of Satellites, Report of the Ad Hoc Working Group on Department of Defense Space Detection, Surveillance, Tracking and Data Processing, March 1965, SECRET | National Security Archive:/Users/jesus/Zotero/storage/A6EXIG2K/29920-document-16-detection-and-tracking-satellites-report-ad-hoc-working-group-department.html:text/html},
}
	
@techreport{SSN_chatters_2009,
	title = {Space {Surveillance} {Network}},
	url = {https://www.jstor.org/stable/resrep13939.26},
	urldate = {2025-03-07},
	institution = {Air University Press},
	author = {Chatters, Edward P. and Crothers, Brian J. and College, Air Command {and} Staff and Seminars, Space Research Electives},
	year = {2009},
	pages = {249--258},
	file = {JSTOR Full Text PDF:/Users/jesus/Zotero/storage/TH8L7QAP/Chatters et al. - 2009 - Space Surveillance Network.pdf:application/pdf},
}

@Book{Example1,
Title = {This is an example reference},
Author = {Jane Doe},
Publisher = {University of Somewhere Press},
Year = {2022},
Address = {Somewhere}
}

@Book{Example2,
Title = {This is another example reference},
Author = {John Doe},
Publisher = {University of Somewhere Press},
Year = {2021},
Address = {Somewhere}
}

@Book{Example3,
Title = {Das ist ein deutsches {B}eispiel},
Author = {Gerda Musterfrau},
Publisher = {Irgendein Verlag},
Year = {2023},
Address = {DÃ¼sseldorf}
}

